@article{Aceto2013,
title = "Cloud monitoring: A survey ",
journal = "Computer Networks ",
volume = "57",
number = "9",
pages = "2093 - 2115",
year = "2013",
note = "",
issn = "1389-1286",
doi = "http://dx.doi.org/10.1016/j.comnet.2013.04.001",
url = "http://www.sciencedirect.com/science/article/pii/S1389128613001084",
author = "Giuseppe Aceto and Alessio Botta and Walter de Donato and Antonio Pescap√®",
keywords = "Cloud monitoring",
keywords = "Cloud measurements",
keywords = "SLA monitoring",
keywords = "Cloud resource monitoring",
keywords = "Cloud monitoring metrics",
keywords = "Cloud monitoring platforms "
}

@techreport{Armbrust2009,
    Author = {Armbrust, Michael and Fox, Armando and Griffith, Rean and Joseph, Anthony D. and Katz, Randy H. and Konwinski, Andrew and Lee, Gunho and Patterson, David A. and Rabkin, Ariel and Stoica, Ion and Zaharia, Matei},
    Title = {Above the Clouds: A Berkeley View of Cloud Computing},
    Institution = {EECS Department, University of California, Berkeley},
    Year = {2009},
    Month = {Feb},
    URL = {http://www.eecs.berkeley.edu/Pubs/TechRpts/2009/EECS-2009-28.html},
    Number = {UCB/EECS-2009-28},
}
@article{fox2009above,
  title={Above the clouds: A Berkeley view of cloud computing},
  author={Fox, Armando and Griffith, Rean and Joseph, Anthony and Katz, Randy and Konwinski, Andrew and Lee, Gunho and Patterson, David and Rabkin, Ariel and Stoica, Ion},
  journal={Dept. Electrical Eng. and Comput. Sciences, University of California, Berkeley, Rep. UCB/EECS},
  volume={28},
  pages={13},
  year={2009}
}