
@article{Azer2014,
title = "Toward an Open Cloud Marketplace Vision and First Steps",
journal = "Internet Computing, IEEE  (Volume:18 ,  Issue: 1 ) ",
volume = "18",
number = "9",
pages = "72 - 77",
year = "2014",
note = "",
issn = "1089-7801",
doi = "http://dx.doi.org/10.1109/MIC.2014.17",
url = "http://ieeexplore.ieee.org/stamp/stamp.jsp?tp=&arnumber=6756876",
author = "Azer Bestavros and Orran Krieger ? Boston University",
keywords = "IaaS marketplace",
keywords = "Cloud computing",
keywords = "Open source cloud platforms"
}

@article{Moc2014,
title = "Massachusetts Open Cloud",
url = "http://www.bu.edu/hic/research/massachusetts-open-cloud/",
author = "Azer Bestavros and Orran Krieger ? Boston University",
}

@article{Aceto2013,
title = "Cloud monitoring: A survey ",
journal = "Computer Networks ",
volume = "57",
number = "9",
pages = "2093 - 2115",
year = "2013",
note = "",
issn = "1389-1286",
doi = "http://dx.doi.org/10.1016/j.comnet.2013.04.001",
url = "http://www.sciencedirect.com/science/article/pii/S1389128613001084",
author = "Giuseppe Aceto and Alessio Botta and Walter de Donato and Antonio PescapÃ¨",
keywords = "Cloud monitoring",
keywords = "Cloud measurements",
keywords = "SLA monitoring",
keywords = "Cloud resource monitoring",
keywords = "Cloud monitoring metrics",
keywords = "Cloud monitoring platforms "
}

@article{Michael2015,
title = "Achieving Cost-efficient, Data-intensive Computing in the Cloud ",
volume = "",
number = "12",
year = "2015",
note = "",
url = "http://cseweb.ucsd.edu/~gmporter/papers/23-conley.pdf",
author = "Michael Conley and Amin Vahdat and George Porter",
keywords = "Cloud",
keywords = "I/O performance",
}

@article{Alcaraz2015,
title = "MonPaaS: An Adaptive Monitoring Platform as a Service for Cloud Computing Infrastructures and Services ",
journal = "Services Computing",
volume = "8",
number = "",
pages = "65 - 78",
year = "2015",
note = "",
issn = "1939-1374",
doi = "http://dx.doi.org/10.1109/TSC.2014.2302810",
url = "http://ieeexplore.ieee.org/xpl/articleDetails.jsp?arnumber=6746217",
author = "Alcaraz Calero and Paisley and Aguado, J.",
keywords = "Cloud computing",
keywords = "monitoring software",
keywords = "monitoring virtual infrastructures"
keywords = "monitoring-as-a-service"
}

@article{Jesus2013,
title = "GMonE: A complete approach to cloud monitoring",
journal = "Future Generation Computer Systems",
volume = "29",
number = "8",
pages = "2026-2040",
year = "2013",
note = "",
issn = "",
doi = "http://dx.doi.org/10.1016/j.future.2013.02.011",
url = "http://www.sciencedirect.com/science/article/pii/S0167739X13000496",
author = "Jesús Montesa and Alberto Sánchezb and Bunjamin Memishic and María S. Pérezc and Gabriel Antoniud, ",
keywords = "Cloud computing",
keywords = "Monitoring"
}

@article{Javier2013,
title = "DARGOS: A highly adaptable and scalable monitoring architecture for multi-tenant Clouds",
journal = "Future Generation Computer Systems",
volume = "29",
number = "8",
pages = "2041-2056",
year = "2013",
note = "",
issn = "",
doi = "http://dx.doi.org/10.1016/j.future.2013.04.022",
url = "http://www.sciencedirect.com/science/article/pii/S0167739X13000824",
author = "Javier Povedano-Molina and Jose M. Lopez-Vega and Juan M. Lopez-Soler and Antonio Corradi and Luca Foschini",
keywords = "Cloud monitoring",
keywords = "Cloud management",
keywords = "Data-centric communications",
keywords = "Publish?subscribe",
keywords = "DDS",
keywords = "Distributed Cloud management"
}

@techreport{Armbrust2009,
    Author = {Armbrust, Michael and Fox, Armando and Griffith, Rean and Joseph, Anthony D. and Katz, Randy H. and Konwinski, Andrew and Lee, Gunho and Patterson, David A. and Rabkin, Ariel and Stoica, Ion and Zaharia, Matei},
    Title = {Above the Clouds: A Berkeley View of Cloud Computing},
    Institution = {EECS Department, University of California, Berkeley},
    Year = {2009},
    Month = {Feb},
    URL = {http://www.eecs.berkeley.edu/Pubs/TechRpts/2009/EECS-2009-28.html},
    Number = {UCB/EECS-2009-28},
}